%Our Refer

@online {ind4,
    author = {Bernard Marr},
    organization = {Forbes},
    title  = {What is Industry 4.0? Here's A Super Easy Explanation For Anyone},
    day    = {02},
    month  = {09},
    year   = {2018},
    url    = {https://www.forbes.com/sites/bernardmarr/2018/09/02/what-is-industry-4-0-heres-a-super-easy-explanation-for-anyone/#70315c99788a},
    urldate = {2020-09-29}
}


@online {cyberphysic,
    author = {Sahra Sedigh, Ali Hurson},
    organization = {ScienceDirect},
    title  = {Cyber-Physical Systems},
    year   = {2018},
    url    = {https://www.sciencedirect.com/science/article/pii/B9780123965288000018},
    urldate = {2020-09-29}
}

@online {iot,
    author = {Margaret Rouse},
    organization = {IoT Agenda},
    title  = {internet of things (IoT)},
    day    = {22},
    month  = {03},
    year   = {2016},
    url    = {https://internetofthingsagenda.techtarget.com/definition/Internet-of-Things-IoT},
    urldate = {2020-09-29}
}

@online {iot_system,
    author = {Margaret Rouse},
    organization = {IoT Agenda},
    title  = {internet of things (IoT)},
    day    = {22},
    month  = {03},
    year   = {2016},
    url    = {https://cdn.ttgtmedia.com/rms/onlineimages/iota-iot_system_desktop.png},
    urldate = {2020-09-29}
}

@online {iot_evolution,
    author = {Jim Chase},
    organization = {Texas Instruments},
    title  = {Evolution of Internet of Things},
    month  = {09},
    year   = {2013},
    url    = {https://www.sciencedirect.com/science/article/abs/pii/S0168169918316417},
    urldate = {2020-09-29}
}

@online {iothouse,
    author = {Jim Chase},
    organization = {Texas Instruments},
    title  = {Evolution of Internet of Things},
    month  = {09},
    year   = {2013},
    url    = {https://www.sciencedirect.com/science/article/abs/pii/S0168169918316417},
    urldate = {2020-09-29}
}

@online {ind4,
    author = {Simio LLC},
    organization = {Cision PR Newswire},
    title  = {Simio's 8 Reasons to Adopt Industry 4.0},
    day    = {12},
    month  = {04},
    year   = {2018},
    url    = {https://mma.prnewswire.com/media/676382/Simio_LLC.jpg?p=publish&w=650},
    urldate = {2020-09-29}
}

@online {conectdevicesnum,
    author = {Relevante News},
    organization = {Relevante News},
    title  = {Total de dispositivos conectados à Internet das coisas deve atingir 75,44 bilhões até 2025},
    day    = {27},
    month  = {02},
    year   = {2020},
    url    = {https://relevante.news/inova/total-de-dispositivos-conectados-a-internet-das-coisas-deve-atingir-7544-bilhoes-ate-2025/},
    urldate = {2020-09-29}
}

@online {iotinvest,
    author = {Inaldo Cristoni},
    organization = {Portal ef},
    title  = {Fundo espera levantar R$ 160 milhões para investir em IoT no Brasil},
    day    = {23},
    month  = {06},
    year   = {2020},
    url    = {https://portalef.com.br/fundo-espera-levantar-r-160-milhoes-para-investir-em-iot-no-brasil/#:~:text=Com%20foco%20startups%20que%20desenvolvem,em%20est%C3%A1gio%20inicial%20de%20desenvolvimento.&text=No%20Brasil%2C%20%C3%A9%20estimado%20que,US%24%20200%20bilh%C3%B5es%20at%C3%A9%202025.},
    urldate = {2020-09-29}
}

@online {i2c,
    organization = {Wikipedia},
    author = {Wikipedia},
    title  = {I2C},
    day    = {04},
    month  = {10},
    year   = {2019},
    url    = {https://pt.wikipedia.org/wiki/I%C2%B2C},
    urldate = {2020-09-29}
}

@online {i2c_structure,
    organization = {Circuit Basics},
    title  = {BASICS OF THE I2C COMMUNICATION PROTOCOL},
    day    = {13},
    month  = {02},
    year   = {2016},
    url    = {https://www.circuitbasics.com/basics-of-the-i2c-communication-protocol/#:~:text=I2C%20is%20a%20serial%20communication,always%20controlled%20by%20the%20master.},
    urldate = {2020-09-29}
}

@online {uart,
    organization = {Codrey},
    title  = {UART Communication Protocol – How it works?},
    day    = {16},
    month  = {06},
    year   = {2020},
    url    = {https://www.codrey.com/embedded-systems/uart-serial-communication-rs232/},
    urldate = {2020-09-29}
}

@online {sensores_iot,
    organization = {Embarcados},
    title  = {Sensores e Atuadores IoT},
    day    = {24},
    month  = {01},
    year   = {2020},
    url    = {https://www.embarcados.com.br/sensores-e-atuadores-iot/},
    urldate = {2020-09-29}
}

@online {BH1750,
    organization = {iMasters},
    title  = {Como funciona o sensor de luz BH1750},
    day    = {31},
    month  = {01},
    year   = {2017},
    url    = {https://imasters.com.br/desenvolvimento/como-funciona-o-sensor-de-luz-bh1750},
    urldate = {2020-09-29}
}

@online {BH1750_shop,
    organization = {reichelt},
    title  = {DEBO BH 1750 Developer Boards - Digital Light Sensor, BH1750},
    url    = {https://cdn-reichelt.de/bilder/web/artikel_ws/A300/GY-302_1.jpg},
    urldate = {2020-09-29}
}

@online {dht11_pintout,
    organization = {MaxPhi},
    title  = {DHT11 Humidity & Temperature Sensor Arduino Tutorial},
    day    = {31},
    month  = {08},
    year   = {2017},
    url    = {https://www.maxphi.com/temperature-humidity-sensor-dht11-arduino-tutorial},
    urldate = {2020-09-29}
}

@article{ElixirorIoT,
  author={G. {Fedrecheski} and L. C. P. {Costa} and M. K. {Zuffo}},
  booktitle={2016 IEEE International Symposium on Consumer Electronics (ISCE)}, 
  title={Elixir programming language evaluation for IoT}, 
  year={2016},
  volume={},
  number={},
  pages={105-106},
  doi={10.1109/ISCE.2016.7797392}
}

@INPROCEEDINGS{IoTeveryone,

  author={D. {Pathirana} and S. {Sonnadara} and M. {Hettiarachchi} and H. {Siriwardana} and C. {Silva}},
  booktitle={2017 Moratuwa Engineering Research Conference (MERCon)}, 
  title={WireMe - IoT development platform for everyone}, 
  year={2017},
  volume={},
  number={},
  pages={93-98},
  doi={10.1109/MERCon.2017.7980463}
}

@INPROCEEDINGS{3layers,

  author={Q. L. {Chen} and Y. H. {Feng}},
  booktitle={2015 10th International Conference on Information, Communications and Signal Processing (ICICS)}, 
  title={The design and application of the online bookstore system .Net based on three tier architecture}, 
  year={2015},
  volume={},
  number={},
  pages={1-3},
  doi={10.1109/ICICS.2015.7459824}}

@INPROCEEDINGS{16,
  author={B. M. {Adam} and A. {Rachmat Anom Besari} and M. M. {Bachtiar}},
  booktitle={2019 International Electronics Symposium (IES)}, 
  title={Backend Server System Design Based on REST API for Cashless Payment System on Retail Community}, 
  year={2019},
  volume={},
  number={},
  pages={208-213},
  doi={10.1109/ELECSYM.2019.8901668}}

@INPROCEEDINGS{19,
  author={B. {Costa} and P. F. {Pires} and F. C. {Delicato} and P. {Merson}},
  booktitle={2014 IEEE/IFIP Conference on Software Architecture}, 
  title={Evaluating a Representational State Transfer (REST) Architecture: What is the Impact of REST in My Architecture?}, 
  year={2014},
  volume={},
  number={},
  pages={105-114},
  doi={10.1109/WICSA.2014.29}}

  @online {nerves,
    author = {Justin Schneck},
    organization = {Hex},
    title  = {Nerves documentation},
    day    = {7},
    month  = {10},
    year   = {2020},
    url    = {https://hexdocs.pm/nerves/getting-started.html},
    urldate = {2020-10-30}
}

  @online {phoenix,
    author = {Chris McCord},
    organization = {Hex},
    title  = {Phoenix documentation},
    day    = {12},
    month  = {10},
    year   = {2020},
    url    = {https://hexdocs.pm/phoenix/overview.html},
    urldate = {2020-10-30}
}

@online {usecases,
    author = {Manuel Rubio},
    organization = {Erlang Solutions},
    title  = {Which companies are using Elixir, and why?},
    day    = {19},
    month  = {09},
    year   = {2019},
    url    = {https://www.erlang-solutions.com/blog/which-companies-are-using-elixir-and-why-mytopdogstatus.html},
    urldate = {2020-09-29}
}

@online {elixirunorasp,
    author = {Carlo Gilmar},
    organization = {Medium},
    title  = {Learning IoT: First Steps with Elixir},
    day    = {12},
    month  = {09},
    year   = {2018},
    url    = {https://medium.com/@carlogilmar/learning-iot-first-steps-with-elixir-310c4ad4ab15},
    urldate = {2020-09-29}
}

@online {agile,
    organization = {Geek Hunter},
    title  = {Metodologia Agile, Scrum e Kanban},
    day    = {16},
    month  = {04},
    year   = {2018},
    url    = {https://blog.geekhunter.com.br/tudo-que-voce-precisa-saber-sobre-agile-scrum-e-kanban/#Metodologia_Agile_foco_no_cliente_e_otimizacao_de_recursos},
    urldate = {2020-09-29}
}


@INPROCEEDINGS{seguranca,
  author={Z. {Zhang} and M. C. Y. {Cho} and C. {Wang} and C. {Hsu} and C. {Chen} and S. {Shieh}},
  booktitle={2014 IEEE 7th International Conference on Service-Oriented Computing and Applications}, 
  title={IoT Security: Ongoing Challenges and Research Opportunities}, 
  year={2014},
  volume={},
  number={},
  pages={230-234},
  doi={10.1109/SOCA.2014.58}
  }

@online {frontend,
    author = { },
    organization = {MDN Web Docs},
    title  = {What is JavaScript?},
    day    = {21},
    month  = {08},
    year   = {2020},
    url    = {https://developer.mozilla.org/en-US/docs/Learn/JavaScript/First_steps/What_is_JavaScript},
    urldate = {2020-11-02}
}

@online {mobilefrontend,
    author = {Alvaro Saburido},
    organization = {Alvaro Saburidos},
    title  = {Front End 101 for IoT Apps},
    day    = {11},
    month  = {04},
    year   = {2018},
    url    = {https://medium.com/@alvaro.saburido/front-end-101-for-iot-apps-24a725334af2},
    urldate = {2020-11-02}
}

